@article{cackett2018accretion,
	title={Accretion disk reverberation with Hubble space telescope observations of NGC 4593: evidence for diffuse continuum lags},
	author={Cackett, Edward M and Chiang, Chia-Ying and McHardy, Ian and Edelson, Rick and Goad, Michael R and Horne, Keith and Korista, Kirk T},
	journal={The Astrophysical Journal},
	volume={857},
	number={1},
	pages={53},
	year={2018},
	publisher={IOP Publishing}
}

@online{stisgratings,
	title        = {STIS Instrument Handbook: Gratings},
	author       = {{Space Telescope Science Institute}},
	year         = {2025},
	url          = {https://hst-docs.stsci.edu/stisihb/chapter-13-spectroscopic-reference-material/13-3-gratings},
	urldate      = {2025-05-12}
}

@online{simbaNGC4593,
	title		= {NGC4593},
	author		= {{SIMBAD}},
	year		= {2025},
	url			= {https://simbad.u-strasbg.fr/simbad/sim-id?Ident=NGC4593},
	urldate 	= {2025-06-10}
}

@article{horne2021space,
	title={Space telescope and optical reverberation mapping project. IX. velocity--delay maps for broad emission lines in NGC 5548},
	author={Horne, Keith and De Rosa, G and Peterson, BM and Barth, AJ and Ely, J and Fausnaugh, MM and Kriss, GA and Pei, L and Bentz, MC and Cackett, EM and others},
	journal={The Astrophysical Journal},
	volume={907},
	number={2},
	pages={76},
	year={2021},
	publisher={IOP Publishing}
}

@book{peterson1997introduction,
	title={An introduction to active galactic nuclei},
	author={Peterson, Bradley M},
	year={1997},
	publisher={Cambridge University Press}
}

@online{fermi2025figure1,
	author     = {{Fermi Gamma-ray Space Telescope}},
	title      = {Figure 1: Spectral Energy Distribution of an AGN},
	year       = {2025},
	url        = {https://fermi.gsfc.nasa.gov/science/eteu/agn/figure1.jpg},
	urldate    = {2025-06-19},
}

@article{antonucci1993unified,
	author  = {Antonucci, Robert},
	title   = {Unified models for active galactic nuclei and quasars},
	journal = {Annual Review of Astronomy and Astrophysics},
	year    = {1993},
	volume  = {31},
	pages   = {473--521},
	doi     = {10.1146/annurev.aa.31.090193.002353},
}

@article{urry1995unified,
	author  = {Urry, C. Megan and Padovani, Paolo},
	title   = {Unified Schemes for Radio-Loud Active Galactic Nuclei},
	journal = {Publications of the Astronomical Society of the Pacific},
	year    = {1995},
	volume  = {107},
	number  = {715},
	pages   = {803--845},
	doi     = {10.1086/133630},
}